@Book{hamilton13,
  author = 	 {Hamilton, LC},
  title = 		 {Statistics with Stata: Version 12},
  publisher = 	 {Boston: Cengage},
  year = 		 2013}



@Book{long14,
  author = 	 {Long, JS},
  title = 		 {Regression Models for Categorical Dependent Variables Using Stata},
  publisher = 	 {College Station: Stata Press},
  year = 		 2014}

@Book{acock13,
  author = 	 {Acock, AC},
  title = 		 {Discovering Structural Equation Modeling Using Stata},
  publisher = 	 {College Station: Stata Press},
  year = 		 2013}

@Book{lebart95,
  author = 	 {Lebart, L and Morineau, A and Piron, M},
  title = 		 {Statistique exploratoire multidimensionnelle},
  publisher = 	 {Dunod},
  year = 		 1995}

@Book{jolliffe02,
  author = 	 {Jolliffe, IT},
  title = 		 {Principal Component Analysis},
  publisher = 	 {New York, Springer},
  year = 		 2002}

@Article{becker96,
  author =	 {Becker, RA and Cleveland, WS and Shyu, MJ},
  title =	 {The Visual Design and Control of Trellis Display},
  journal =	 {Journal of Computational and Statistical Graphics},
  year =	 1996,
  volume =	 5,
  number =	 2,
  pages =	 {123--155}
}

@Book{juul14,
  author =    {Juul, S and Frydenberg, M},
  title =        {An Introduction to Stata for Health Researchers},
  publisher =    {College Station: Stata Press},
  year =         2014}

@Article{juul03,
  author = 		 {Juul, S},
  title = 		 {Lean mainstream schemes for Stata 8 graphics},
  journal = 	 {The Stata Journal},
  year = 		 2003,
  volume = 	 3,
  number = 	 3,
  pages = 	 {295-301}}

@Book{mitchell12,
  author = 	 {Mitchell, MN},
  title = 		 {A Visual Guide to Stata Graphics},
  publisher = 	 {College Station: Stata Press},
  year = 		 2012}

@Book{acock14,
  author = 	 {Acock, AC},
  title = 		 {A Gentle Introduction to Stata},
  publisher = 	 {College Station: Stata Press},
  year = 		 2014}

@Book{kohler12,
  author = 	 {Kohler, U and Kreuter, F},
  title = 		 {Data Analysis Using Stata},
  publisher = 	 {College Station: Stata Press},
  year = 		 2012}

@article{peng09,
	Author = {Peng, RD},
	Journal = {Biostatistics},
	Number = {3},
	Pages = {405-408},
	Title = {Reproducible Research and Biostatistics},
	Volume = {10},
	Year = {2009}}

@Book{hosmer89,
  author =	 {Hosmer, D and Lemeshow, S},
  title =	 {Applied Logistic Regression},
  publisher =	 {New York: Wiley},
  year =	 1989}

@Book{baum09,
  author =	 {Baum, CF},
  title =	 {An introduction to {Stata} programming},
  publisher =	 {College Station: Stata Press},
  year =	 2009}

@Book{baum06,
  author = 	 {Baum, CF},
  title = 		 {An Introduction to Modern Econometrics Using Stata},
  publisher = 	 {College Station: Stata Press},
  year = 		 2006}

@Book{becketti13,
  author = 	 {Becketti, S},
  title = 		 {Introduction to Time Series Using Stata},
  publisher = 	 {College Station: Stata Press},
  year = 		 2013}



@Article{steyerberg10,
  author = 		 {Steyerberg, EW and Vickers, AJ and Cook, NR and Gerds, T and Gonen, M and Obuchowski, N and Pencina, MJ and Kattan, MW},
  title = 		 {Assessing the Performance of Prediction Models, A Framework for Traditional and Novel Measures},
  journal = 	 {Epidemiology},
  year = 		 2010,
  volume = 	 21,
  number = 	 1,
  pages = 	 {128-138}}

@Article{welch51,
  author = 		 {Welch, BL},
  title = 		 {On the comparison of several mean values: An alternative approach},
  journal = 	 {Biometrika},
  year = 		 1951,
  volume = 	 38,
  pages = 	 {330-336}}

@Article{newcombe98,
  author = 		 {Newcombe, RG},
  title = 		 {Two-sided confidence intervals for the single proportion: comparison of seven methods},
  journal = 	 {Statistics in Medicine},
  year = 		 1998,
  volume = 	 17,
  number = 	 8,
  pages = 	 {857-872}}

@Article{campbell07,
  author =	 {Campbell, I},
  title =	 {Chi-squared and {F}isher-{I}rwin tests of two-by-two
                  tables with small sample recommendations},
  journal =	 {Statistics in Medicine},
  year =	 2007,
  volume =	 26,
  number =	 19,
  pages =	 {3661--3675}}

@Book{cameron10:_microec_using_stata,
  author = 	 {Cameron, AC and Trivedi, PK},
  title = 		 {Microeconometrics Using Stata},
  publisher = 	 {College Station: Stata Press},
  year = 		 2010}

